<record><leader>00000cas a22000007a 4500</leader><controlfield tag="001">10266502</controlfield><controlfield tag="008">840105d18751877nvuwr ne      0    0eng d</controlfield><datafield ind1=" " ind2=" " tag="010"><subfield code="a">sn 84022042 </subfield></datafield><datafield ind1=" " ind2=" " tag="040"><subfield code="a">NPX</subfield><subfield code="b">eng</subfield><subfield code="c">NPX</subfield><subfield code="d">NNX</subfield><subfield code="d">CNK</subfield><subfield code="d">OCLCQ</subfield></datafield><datafield ind1=" " ind2=" " tag="042"><subfield code="a">msc</subfield></datafield><datafield ind1=" " ind2=" " tag="043"><subfield code="a">n-us-nv</subfield></datafield><datafield ind1="0" ind2=" " tag="130"><subfield code="a">Elko weekly post (Elko, Nev. : 1875)</subfield></datafield><datafield ind1="1" ind2="0" tag="245"><subfield code="a">Elko weekly post.</subfield></datafield><datafield ind1=" " ind2=" " tag="260"><subfield code="a">Elko, Nev. :</subfield><subfield code="b">E.A. Littlefield &amp; C.C. Powning,</subfield><subfield code="c">1875-1877.</subfield></datafield><datafield ind1=" " ind2=" " tag="300"><subfield code="a">2 v. ;</subfield><subfield code="c">61 cm.</subfield></datafield><datafield ind1=" " ind2=" " tag="310"><subfield code="a">Weekly</subfield></datafield><datafield ind1="0" ind2=" " tag="362"><subfield code="a">Vol. 1, no. 1 (Sept. 11, 1875)-v. 2, no. 52 (Sept. 1, 1877).</subfield></datafield><datafield ind1=" " ind2=" " tag="752"><subfield code="a">United States</subfield><subfield code="b">Nevada</subfield><subfield code="c">Elko</subfield><subfield code="d">Elko.</subfield></datafield><datafield ind1="0" ind2="0" tag="785"><subfield code="t">Elko post</subfield><subfield code="w">(DLC)sn 86076284</subfield></datafield></record>